@inbook{rikougaku,
  author    = {慶應義塾大学 理工学部},
  title     = {理工学基礎実験},
  pages     = {58-65},
  publisher = {学術図書出版社},
  year      = {2020}
}
@inbook{buturi,
  author    = {慶應義塾大学 理工学部},
  title     = {自然科学実験　物理学編},
  pages     = {10-12},
  publisher = {学術図書出版社},
  year      = {2019}
}

@misc{anies,
author = {東研サーモテック},
title = {焼きなまし（Annealing） | 東研サーモテック｜金属熱処理、DLC・PVDコーティングの先進企業},
howpublished = {\url{https://tohkenthermo.co.jp/technology/annealing/#:~:text=%E4%BA%8B%E4%BE%8B%E7%B4%B9%E4%BB%8B-,%E5%AE%8C%E5%85%A8%E7%84%BC%E3%81%8D%E3%81%AA%E3%81%BE%E3%81%97,%E3%81%99%E3%82%8B%E3%81%93%E3%81%A8%E3%81%A7%E8%B5%B7%E3%81%93%E3%82%8A%E3%81%BE%E3%81%99%E3%80%82}},
note = {(Accessed on 07/02/2020)}
}

@misc{referen,
title = {reference17.pdf},
howpublished = {\url{https://www.nikko-yozai.co.jp/wp/wp-content/themes/nikko/pdf/reference/reference17.pdf}},
note = {(Accessed on 07/02/2020)}
}

@misc{misumi,
author={misumi},
title = {金属材料の種類と用途1 | 技術情報 | MISUMI-VONA【ミスミ】},
howpublished = {\url{https://jp.misumi-ec.com/tech-info/categories/technical_data/td05/a0116.html}},
note = {(Accessed on 07/02/2020)}
}

@misc{misuim_al,
author = {misumi},
title = {アルミニウム合金の種類と特徴 | 技術情報 | MISUMI-VONA【ミスミ】},
howpublished = {\url{https://jp.misumi-ec.com/tech-info/categories/surface_treatment_technology/st01/c1701.html}},
note = {(Accessed on 07/02/2020)}
}

@misc{hakai,
title = {第４章　破壊(Fracture)},
howpublished = {\url{http://ms-laboratory.jp/strength/4_1/4_1.htm}},
note = {(Accessed on 07/02/2020)}
}

@misc{hippari,
title = {引張試験テキスト},
howpublished = {\url{http://ms-laboratory.jp/zai/tensile/tensile.htm}},
note = {(Accessed on 07/02/2020)}
}

@misc{kouhuku,
title = {降伏点とは何か？上・下降伏点が表れる理由、表れない材料 - 理数白書},
howpublished = {\url{https://www.risuuhakusyo.com/kouhukuten}},
note = {(Accessed on 07/02/2020)}
}