@inbook{rikougaku,
  author    = {慶應義塾大学 理工学部},
  title     = {理工学基礎実験},
  pages     = {37-45},
  publisher = {学術図書出版社},
  year      = {2020}
}
@inbook{buturi,
  author    = {慶應義塾大学 理工学部},
  title     = {自然科学実験　物理学編},
  pages     = {10-12},
  publisher = {学術図書出版社},
  year      = {2019}
}
@inbook{unti,
title = {測定・鋳造・塑性加工・溶接・切削加工 1},
author = {嵯峨常生 and 中西佑二},
publisher = {実教出版},
year = {1998},
series = {基礎シリーズ . 機械実習},
pages={162}
}
@misc{osikko,
author = {沖縄県教育委員会},
title = {(15) 切削条件における切りくずの種類 - YouTube},
howpublished = {\url{https://www.youtube.com/watch?v=fU7YXfmbNa0}},
month = {06},
year = {2016},
note = {(Accessed on 07/15/2020)}
}
@article{197674,
  title={切りくず形状の分類について},
  author={中山 一雄},
  journal={精密機械},
  volume={42},
  number={493},
  pages={74-80},
  year={1976},
  doi={10.2493/jjspe1933.42.74}
}
@misc{whatis,
title = {what is「切削抵抗」？ :: 機械と工具の情報サイト「ツールナビドットジェーピー」},
howpublished = {\url{https://toolnavi.jp/convenient/knowledge/page4}},
note = {(Accessed on 07/15/2020)}
}
@misc{kuso,
title = {キィーンと甲高い音 | senbankako},
howpublished = {\url{https://kk113305.wixsite.com/senbankako/untitled-c1lx9}},
note = {(Accessed on 07/15/2020)}
}
@misc{12,
author={apiste},
title = {1-2.切削油剤とその効果},
howpublished = {\url{https://www.apiste.co.jp/gme/technical/detail/id=4053}},
note = {(Accessed on 07/15/2020)}
}