@misc{08jbasic11:online,
author = {経済産業省},
title = {08j\_basic.pdf},
howpublished = {\url{https://www.meti.go.jp/policy/chemical_management/ozone/files/pamplet/panel/08j_basic.pdf}},
note = {(Accessed on 07/20/2020)}
}

@misc{ozonpump45:online,
author = {NPO法人 ストップ・フロン全国連絡会},
title = {オゾン層ってなんだろう？},
howpublished = {\url{https://www.jason-web.org/wp/wp-content/uploads/2015/04/ozon_pumph_20140507_.pdf}},
note = {(Accessed on 07/20/2020)}
}

@misc{気象庁フロンによ62:online,
author = {気象庁},
title = {フロンによるオゾン層の破壊},
howpublished = {\url{https://www.data.jma.go.jp/gmd/env/ozonehp/3-25ozone_depletion.html}},
note = {(Accessed on 07/20/2020)}
}

@misc{平成１７年度オゾ26:online,
author = {環境省},
title = {平成１７年度オゾン層等の監視結果に関する年次報告書},
howpublished = {\url{http://www.env.go.jp/earth/report/h18-03/3-VII.pdf}},
note = {(Accessed on 07/20/2020)}
}

@misc{GWPpdf45:online,
author = {一般財団法人 日本冷媒・環境保全機構},
title = {GWP.pdf},
howpublished = {\url{https://www.jreco.or.jp/data/GWP.pdf}},
note = {(Accessed on 07/20/2020)}
}

@misc{環境省漏えい量の66:online,
author = {環境省},
title = {漏えい量の算定・報告 - 集計結果の公表|「フロン排出抑制法」ポータルサイト},
howpublished = {\url{https://www.env.go.jp/earth/furon/operator/result.html}},
note = {(Accessed on 07/20/2020)}
}

@misc{ref015pd42:online,
author = {環境省},
title = {ref01\_5.pdf},
howpublished = {\url{https://www.env.go.jp/press/y067-07/ref01_5.pdf}},
note = {(Accessed on 07/20/2020)}
}

@misc{代替フロン（HF79:online,
author = {山本隆幸},
title = {代替フロン（HFC）の課題と今後の展望（低GWP化）について},
howpublished = {\url{https://www.amita-oshiete.jp/qa/entry/015267.php}},
note = {(Accessed on 07/20/2020)}
}

@article{AGC,
  author          = {福島正人・橋本真維},
  title           = {低GWP冷媒“AMOLEA”の開発},
  journal         = {Reports Asahi Glass},
  volume          = {65},
  year            = {2015}
}

@misc{日本の現状JCC66:online,
author = {全国地球温暖化防止活動推進センター},
title = {日本の現状 - JCCCA 全国地球温暖化防止活動推進センター},
howpublished = {\url{https://www.jccca.org/trend_japan/state/}},
note = {(Accessed on 07/20/2020)}
}