@inbook{rikougaku,
  author    = {慶應義塾大学 理工学部},
  title     = {理工学基礎実験},
  pages     = {76-83},
  publisher = {学術図書出版社},
  year      = {2020}
}

@misc{rika,
  author={国立天文台},
  title={理科年表プレミアム},
  howpublished= {\url{http://www.rikanenpyo.jp.kras1.lib.keio.ac.jp}},
  year    = {2020}
}