@inbook{rikougaku,
  author    = {慶應義塾大学 理工学部},
  title     = {理工学基礎実験},
  pages     = {58-65},
  publisher = {学術図書出版社},
  year      = {2020}
}
@inbook{buturi,
  author    = {慶應義塾大学 理工学部},
  title     = {自然科学実験　物理学編},
  pages     = {10-12},
  publisher = {学術図書出版社},
  year      = {2019}
}
@inbook{yokuwakaru,
  author    = {佐藤淳一\and 武野泰彦},
  title     = {図解入門よくわかる最新電子材料の基本と仕組み},
  pages     = {111-112},
  publisher = {秀和システム},
  year      = {2010}
}

@misc{rika,
  author={国立天文台},
  title={理科年表プレミアム},
  howpublished= {\url{http://www.rikanenpyo.jp.kras1.lib.keio.ac.jp}},
  year    = {2020}
}

@inbook{kiso,
address = {東京},
edition = {改訂5版},
isbn = {4621073419},
language = {jpn},
publisher = {丸善},
title = {化学便覧 : 基礎編},
pages={II-719}
}