@inbook{rikougaku,
  author    = {慶應義塾大学 理工学部},
  title     = {理工学基礎実験},
  pages     = {46-52},
  publisher = {学術図書出版社},
  year      = {2020}
}
@inbook{buturi,
  author    = {慶應義塾大学 理工学部},
  title     = {自然科学実験　物理学編},
  pages     = {10-12},
  publisher = {学術図書出版社},
  year      = {2019}
}