@inbook{shindohado,
author = {吉岡大二郎},
address = {東京},
booktitle = {振動と波動},
isbn = {9784130626071},
publisher = {東京大学出版会},
title = {振動と波動},
pages = {95-104}
}

@inbook{rikougaku,
  author    = {慶應義塾大学 理工学部},
  title     = {理工学基礎実験},
  pages     = {76-83},
  publisher = {学術図書出版社},
  year      = {2020}
}