@book{,
title = {粒子法入門 ―流体シミュレーションの基礎から並列計算と可視化まで―},
author = {越塚, 誠一 and 柴田, 和也 and 室谷, 浩平},
editor = {},
publisher = {丸善出版},
year = {2014},
edition = {},
series = {},
volume = {},
isbn = {9784621088340},
url = {https://elib.maruzen.co.jp/elib/html/BookDetail/Id/3000013611/},
}
