@misc{MPSriron,
author = {物理ベースコンピュータグラフィックス研究室},
title = {MPS法の理論 - PukiWiki for PBCG Lab},
howpublished = {\url{http://www.slis.tsukuba.ac.jp/~fujisawa.makoto.fu/cgi-bin/wiki/index.php?MPS%CB%A1%A4%CE%CD%FD%CF%C0}},
note = {(Accessed on 06/20/2020)}
}

@misc{ryuusi,
title = {粒子法による流れの数値解析},
howpublished = {\url{http://www.nagare.or.jp/download/noauth.html?d=21-3-t02.pdf&dir=31}},
note = {(Accessed on 06/20/2020)}
}

@misc{ELEM13,
title = {粒子法 – EL-EMENT blog},
howpublished = {\url{http://el-ement.com/blog/2017/12/19/particle-method/}},
note = {(Accessed on 06/21/2020)}
}

@misc{kamonama,
title = {kamonama@Blogger: 粒子法のプログラム第１回（概要）},
howpublished = {\url{http://kamonama.blogspot.com/2009/02/blog-post_23.html}},
note = {(Accessed on 06/24/2020)}
}

@misc{sibas,
author = {廣瀬三平},
title = {流体シミュレーションにおける様々な手法},
howpublished = {\url{https://www.imi.kyushu-u.ac.jp/PDF/Hirose_20160612.pdf}},
month = {6},
year = {2016},
note = {(Accessed on 06/24/2020)}
}

@misc{soba,
author = {東京工業大学　デジタル創作同好会},
title = {そばやのワク☆ワク流体シミュレーション\textasciitilde{}MPS編\textasciitilde{} | 東京工業大学デジタル創作同好会traP},
howpublished = {\url{https://trap.jp/post/345/}},
month = {11},
year = {2017},
note = {(Accessed on 06/24/2020)}
}

@book{ryuusinyuumon,
title = {粒子法入門 ―流体シミュレーションの基礎から並列計算と可視化まで―},
author = {越塚 誠一 \and 柴田 和也 \and 室谷 浩平},
publisher = {丸善出版},
year = {2014},
isbn = {9784621088340},
url = {https://elib.maruzen.co.jp/elib/html/BookDetail/Id/3000013611/},
}
