@inbook{ BN05476353,
  author    = "日本化学会",
  title     = "実験化学講座",
  publisher = "丸善",
  year      = "1990",
  edition   = "第4版",
  URL       = "http://ci.nii.ac.jp/ncid/BN05476353",
  chapter   = "3.2",
  pages     = {121-122}
}

@inbook{buturi,
  author    = {慶應義塾大学 理工学部},
  title     = {自然科学実験 物理学編},
  pages     = {10-12},
  publisher = {学術図書出版社},
  year      = {2019}
}

@inbook{rikougaku,
  author    = {慶應義塾大学 理工学部},
  title     = {理工学基礎実験},
  pages     = {125-131},
  publisher = {学術図書出版社},
  year      = {2020}
}

@inbook{ BN00380381,
  author    = "日本化学会",
  title     = "化学便覧 : 応用化学編",
  publisher = "丸善",
  year      = "1986",
  pages     = {546-547}
}

@article{ Shigeki,
  title="「化学」の授業で色の変化を見る",
  author="Shigeki HIRAMATSU",
  journal="化学と教育",
  volume="65",
  number="8",
  pages={396-399},
  year="2017",
  doi="10.20665/kakyoshi.65.8_396"
}

@article{ Muranaka,
  title="有機化合物の構造と色",
  author="Atsuya Muranaka",
  journal="化学と教育",
  volume="65",
  number="5",
  pages={246-249},
  year="2017",
  doi="10.20665/kakyoshi.65.5_246"
}

@inbook{kagakunetu,
address = {東京},
booktitle = {化学熱力学},
isbn = {9784785375065},
keywords = {熱化学},
publisher = {裳華房},
series = {物理化学入門シリーズ},
author={原田義也 大野公一 中田宗隆編集},
title = {化学熱力学},
pages={161-164}
}

@article{1961166,
  title={濃淡電池と水溶液腐食},
  author={E. Schaschl and G. A. Marsh and 荒牧 国次},
  journal={防蝕技術},
  volume={10},
  number={4},
  pages={166-174},
  year={1961},
  doi={10.3323/jcorr1954.10.4_166}
}

@inbook{alma99403791704031,
  address = {東京},
  publisher = {丸善},
  title = {化学便覧 : 応用化学編},
  pages={762},
}

@inbook{kiso,
address = {東京},
edition = {改訂5版},
isbn = {4621073419},
language = {jpn},
publisher = {丸善},
title = {化学便覧 : 基礎編},
pages={II-571-II-572}
}

@inbook{jiten,
address = {東京},
edition = {第2版},
isbn = {4621075314},
publisher = {丸善},
title = {標準化学用語辞典},
}

@article{kakiuchi2014,
  title={あいまいな電気分析化学},
  author={垣内 隆},
  journal={Review of Polarography},
  volume={60},
  number={2},
  pages={99-109},
  year={2014},
  doi={10.5189/revpolarography.60.99}
}

@article{kakiuchi2016,
  title={イオン液体塩橋を用いるpH測定 - 現状と展望},
  author={垣内 隆 and 山本 雅博},
  journal={分析化学},
  volume={65},
  number={4},
  pages={181-191},
  year={2016},
  doi={10.2116/bunsekikagaku.65.181}
}