@article{1993222,
  title={航空機における渦とその利用},
  author={李家 賢一},
  journal={可視化情報学会誌},
  volume={13},
  number={51},
  pages={222-227_1},
  year={1993},
  doi={10.3154/jvs.13.222}
}