@inbook{rikougaku,
  author    = {慶應義塾大学 理工学部},
  title     = {理工学基礎実験},
  pages     = {37-45},
  publisher = {学術図書出版社},
  year      = {2020}
}
@inbook{buturi,
  author    = {慶應義塾大学 理工学部},
  title     = {自然科学実験　物理学編},
  pages     = {10-12},
  publisher = {学術図書出版社},
  year      = {2019}
}

@misc{LDVLaser,
author = {西華デジタルイメージ},
title = {LDV(Laser Doppler Velocimeter : レーザードップラー流速計)の原理｜西華デジタルイメージ株式会社},
howpublished = {\url{https://www.seika-di.com/media/measurement/combustion/ldv_principle}},
month = {11},
year = {2018},
note = {(Accessed on 07/08/2020)}
}

@article{2002409,
  title={乱流風洞},
  author={蒔田秀治},
  journal={日本流体力学会誌「ながれ」},
  volume={21},
  number={5},
  pages={409-418},
  year={2002},
  doi={10.11426/nagare1982.21.409}
}

@article{1986KJ00001465850,
  title={低乱風洞の設計と性能},
  author={伊藤 英覚 and 小林 陵二},
  journal={日本機械学会誌},
  volume={89},
  number={808},
  pages={248-254},
  year={1986},
  doi={10.1299/jsmemag.89.808_248}
}

@article{1995354,
  title={流体騒音の発生メカニズムと抑制法},
  author={藤田 肇},
  journal={ターボ機械},
  volume={23},
  number={6},
  pages={354-359},
  year={1995},
  doi={10.11458/tsj1973.23.354}
}

@article{199322,
  title={航空機における渦とその利用},
  author={李家 賢一},
  journal={可視化情報学会誌},
  volume={13},
  number={51},
  pages={222-227-1},
  year={1993},
  doi={10.3154/jvs.13.222}
}