@article{sunahara,
author={砂原秀樹},
title={モバイルは今-CSMA/CA},
journal={IPSJ Magazine},
year={2002}
}

@misc{TCPとUDPの58:online,
title = {TCPとUDPの違いとは？～Ethernet接続におけるオーバーヘッド削減ノウハウ～},
howpublished = {\url{https://hldc.co.jp/blog/2019/07/11/2819/}},
note = {(Accessed on 07/24/2020)}
}

@misc{FTP（ファイル83:online,
title = {FTP（ファイル転送プロトコル）とは - IT用語辞典 e-Words},
howpublished = {\url{http://e-words.jp/w/FTP.html}},
note = {(Accessed on 07/24/2020)}
}

@misc{インターネット用25:online,
title = {インターネット用語1分解説～NTPとは～ - JPNIC},
howpublished = {\url{https://www.nic.ad.jp/ja/basics/terms/ntp.html#:~:text=NTP%20(Network%20Time%20Protocol)%E3%81%A8,%E3%81%A7%E6%A8%99%E6%BA%96%E5%8C%96%E3%81%95%E3%82%8C%E3%81%A6%E3%81%84%E3%81%BE%E3%81%99%E3%80%82}},
note = {(Accessed on 07/24/2020)}
}

@misc{4D69637228:online,
author = {東北大学 安達研究室},
title = {<4D6963726F736F667420506F776572506F696E74202D2091E6825082538FCD91BD8F6489BB82C691BD8F648341834E835A83582E70707478>},
howpublished = {\url{http://www.mobile.ecei.tohoku.ac.jp/lecture/systemA/systemA_14.pdf}},
note = {(Accessed on 07/24/2020)}
}

@misc{5G技術の解説と13:online,
author={NTTデータ先端技術株式会社},
title = {5G技術の解説とその活用 －ビッグデータからIoTとAIへ－第1回},
howpublished = {\url{http://www.intellilink.co.jp/article/column/5G01.html}},
note = {(Accessed on 07/24/2020)}
}

@misc{Microsof84:online,
author = {NTTドコモ},
title = {5G無線アクセス技術},
howpublished = {\url{https://www.nttdocomo.co.jp/binary/pdf/corporate/technology/rd/technical_journal/bn/vol23_4/vol23_4_004jp.pdf}},
note = {(Accessed on 07/24/2020)}
}

@misc{2020年には自36:online,
author = {KDDI},
title = {2020年には自動運転が実用化？ 日本初の5Gを活用した公道走行に成功｜TIME＆SPACE by KDDI},
howpublished = {\url{https://time-space.kddi.com/au-kddi/20190322/2603}},
note = {(Accessed on 07/24/2020)}
}