@article{Shigeki HIRAMATSU2017,
  title={title_in_Japanese},
  author={Shigeki HIRAMATSU},
  journal={CHEMISTRY & EDUCATION},
  volume={65},
  number={8},
  pages={396-399},
  year={2017},
  doi={10.20665/kakyoshi.65.8_396}
}