@article{村中 厚哉2017,
  title={有機化合物の構造と色},
  author={村中 厚哉},
  journal={化学と教育},
  volume={65},
  number={5},
  pages={246-249},
  year={2017},
  doi={10.20665/kakyoshi.65.5_246}
}