@inbook{ BN05476353,
  author    = "日本化学会",
  title     = "実験化学講座",
  publisher = "丸善",
  year      = "1990",
  edition   = "第4版",
  URL       = "http://ci.nii.ac.jp/ncid/BN05476353",
  chapter   = "3.2",
  pages     = {121-122}
}

@inbook{buturi,
  author    = {慶應義塾大学 理工学部},
  title     = {自然科学実験 物理学編},
  pages     = {10-12},
  publisher = {学術図書出版社},
  year      = {2019}
}

@inbook{rikougaku,
  author    = {慶應義塾大学 理工学部},
  title     = {理工学基礎実験},
  pages     = {116-124},
  publisher = {学術図書出版社},
  year      = {2020}
}

@inbook{ BN00380381,
  author    = "日本化学会",
  title     = "化学便覧 : 応用化学編",
  publisher = "丸善",
  year      = "1986",
  pages     = {546-547}
}

@article{ Shigeki,
  title="「化学」の授業で色の変化を見る",
  author="Shigeki HIRAMATSU",
  journal="化学と教育",
  volume="65",
  number="8",
  pages={396-399},
  year="2017",
  doi="10.20665/kakyoshi.65.8_396"
}

@article{ Muranaka,
  title="有機化合物の構造と色",
  author="Atsuya Muranaka",
  journal="化学と教育",
  volume="65",
  number="5",
  pages={246-249},
  year="2017",
  doi="10.20665/kakyoshi.65.5_246"
}