@misc{rohm,
author = {ROHM SEMICONDUCTOR},
title = {A/Dコンバータとは？},
howpublished = {\url{https://www.rohm.co.jp/electronics-basics/ad-converters/ad_what6}},
note = {(Accessed on 06/19/2020)}
}
@misc{toshiba,
author = {TOSHIBA},
title = {ΔΣ型ADコンバーター},
howpublished = {\url{https://toshiba.semicon-storage.com/jp/semiconductor/knowledge/e-learning/village/ad-converter.html}},
note = {(Accessed on 06/19/2020)}
}
@misc{analogdevices,
author = {Analog Devices},
title = {パイプライン型のADCって、どんなもの？},
howpublished = {\url{https://www.analog.com/jp/education/landing-pages/003/bbs/bbs_09.html#}},
note = {(Accessed on 06/19/2020)}
}
@misc{twe-data,
author = {MONOWIRELESS},
title = {MW-PDS-TWELITE-JP.pdf},
howpublished = {\url{https://mono-wireless.com/jp/products/TWE-LITE/MW-PDS-TWELITE-JP.pdf}},
note = {(Accessed on 06/19/2020)}
}
@misc{IEEE802198,
author = {MONOWIRELESS},
title = {IEEE802.15.4とは? | IEEE 802.15.4の意味 - MONO-WIRELESS.COM},
howpublished = {\url{https://mono-wireless.com/jp/tech/802_15_4.html}},
note = {(Accessed on 06/19/2020)}
}
@misc{IEEEstd,
author = {University of Colorad},
title = {IEEE Std 802.15.4-2011, IEEE Standard for Local and metropolitan area networks—Part 15.4: Low-Rate Wireless Personal Area Networks (WPANs)},
howpublished = {\url{http://ecee.colorado.edu/~liue/teaching/comm_standards/2015S_zigbee/802.15.4-2011.pdf}},
note = {(Accessed on 06/19/2020)}
}
@misc{ZigBee,
author = {福島 理絵},
title = {ZigBeeとIEEEの関係――物理層測定とは？ (1/2) - MONOist（モノイスト）},
howpublished = {\url{https://monoist.atmarkit.co.jp/mn/articles/1003/03/news101.html}},
note = {(Accessed on 06/19/2020)}
}
@misc{dsss,
author = {名古屋大学},
title = {情報通信工学2-ocw.dvi},
howpublished = {\url{https://ocw.nagoya-u.jp/files/47/lecnote08.pdf}},
note = {(Accessed on 06/19/2020)}
}
@misc{opamp,
author = {ROHM SEMICONDUCTOR},
title = {オペアンプ・コンパレータとは？},
howpublished = {\url{https://www.rohm.co.jp/electronics-basics/opamps/op_what1}},
note = {(Accessed on 06/19/2020)}
}